@article{eckert,
  author=   {Michael Eckert},
  title=    "\url{https://gi.de/informatiklexikon/complex-event-processing-cep/}",
  journal=  {Gesellschaft für Informatik - Informatiklexikon},
  year=     {2009},
  note =    {Abrufdatum: 21.11.2018}
}
@article{fraunhofer,
    author = {Krešimir Vidačović},
    title = {Marktübersicht Real-Time Monitoring Software - Event Processing Tools im 
    Überblick},
    journal = {Fraunhofer-Institut für Arbeitswirtschaft und Organisation IAO},
    year = {2010}
}
@article{glossary,
    author={David Luckham},
    title={Event Processing Glossary-Version 2.0, 
    \url{http://complexevents.com/wp-content/uploads/2011/08/EPTS_Event_Processing_Glossary_v2.pdf}},
    journal={Event Processing Technical Society},
    year={2011}
}
@book{bruns,
    title={Complex event processing: komplexe Analyse von massiven Datenstr{\"o}men mit 
    CEP},
    author={Bruns, Ralf and Dunkel, J{\"u}rgen},
    year={2015},
    publisher={Springer-Verlag}
}
@book{hedtstuck,
    title={Complex Event Processing: Verarbeitung von Ereignismustern in 
    Datenstr{\"o}men},
    author={Hedtst{\"u}ck, Ulrich},
    year={2017},
    publisher={Springer-Verlag}
}
@book{drools-slide,
    author = {T. Surdilovic},
    title = 
    "\burl{https://www.slideshare.net/slideshow/embed_code/key/bjwF5BbwNY8U0u}",
    publisher={RedHat via SlideShare},
    year={2011}
}
@book{esper-reference,
    author = {},
    title = 
    "\burl{http://esper.espertech.com/release-8.0.0/reference-esper/pdf/esper_reference.pdf}",
    publisher={EsperTech Inc.},
    year={2018}
}
@book{epl-online,
    author = {},
    title = 
    "\burl{http://esper-epl-tryout.appspot.com/epltryout/mainform.html}",
    publisher={EsperTech Inc.},
    year={2018}
}
@inproceedings{adaikkalavan,
    title={Seamless event and data stream processing: Reconciling windows and consumption 
    modes},
    author={Adaikkalavan, Raman and Chakravarthy, Sharma},
    booktitle={International Conference on Database Systems for Advanced Applications},
    pages={341--356},
    year={2011},
    organization={Springer}
}











